<record><leader>00000cas a22000007a 4500</leader><controlfield tag="001">13213896</controlfield><controlfield tag="008">860228d18941898inudn ne      0    0eng d</controlfield><datafield ind1=" " ind2=" " tag="010"><subfield code="a">sn 86058330 </subfield></datafield><datafield ind1=" " ind2=" " tag="040"><subfield code="a">NPI</subfield><subfield code="b">eng</subfield><subfield code="c">NPI</subfield><subfield code="d">CRL</subfield><subfield code="d">OCLCQ</subfield><subfield code="d">OCLCF</subfield></datafield><datafield ind1=" " ind2=" " tag="042"><subfield code="a">msc</subfield></datafield><datafield ind1=" " ind2=" " tag="043"><subfield code="a">n-us-in</subfield></datafield><datafield ind1="0" ind2=" " tag="130"><subfield code="a">Valparaiso daily vidette (Valparaiso, Ind. : 1894)</subfield></datafield><datafield ind1="1" ind2="0" tag="245"><subfield code="a">Valparaiso daily vidette.</subfield></datafield><datafield ind1=" " ind2=" " tag="260"><subfield code="a">Valparaiso, Ind. :</subfield><subfield code="b">Edward Welty</subfield></datafield><datafield ind1=" " ind2=" " tag="300"><subfield code="a">v. :</subfield><subfield code="b">ill.</subfield></datafield><datafield ind1=" " ind2=" " tag="310"><subfield code="a">Daily (except Sun.)</subfield></datafield><datafield ind1="0" ind2=" " tag="362"><subfield code="a">First year (Mar. 10, 1894)-</subfield></datafield><datafield ind1="1" ind2=" " tag="362"><subfield code="a">Ceased in Sept. 1898.</subfield><subfield code="z">Cf. Miller, John W. Indiana newspaper bibliog.</subfield></datafield><datafield ind1=" " ind2=" " tag="500"><subfield code="a">"Republican."</subfield></datafield><datafield ind1=" " ind2=" " tag="580"><subfield code="a">Published also in a weekly edition called: 1894-1897, Valparaiso weekly vidette; 1897-1898, Porter County vidette (Valparaiso, Ind. : 1897).</subfield></datafield><datafield ind1=" " ind2="0" tag="651"><subfield code="a">Valparaiso (Ind.)</subfield><subfield code="v">Newspapers.</subfield></datafield><datafield ind1=" " ind2="0" tag="651"><subfield code="a">Porter County (Ind.)</subfield><subfield code="v">Newspapers.</subfield></datafield><datafield ind1=" " ind2="7" tag="655"><subfield code="a">Newspapers.</subfield><subfield code="2">fast</subfield><subfield code="0">(OCoLC)fst01423814</subfield></datafield><datafield ind1=" " ind2="7" tag="651"><subfield code="a">Indiana</subfield><subfield code="z">Porter County.</subfield><subfield code="2">fast</subfield><subfield code="0">(OCoLC)fst01215718</subfield></datafield><datafield ind1=" " ind2="7" tag="651"><subfield code="a">Indiana</subfield><subfield code="z">Valparaiso.</subfield><subfield code="2">fast</subfield><subfield code="0">(OCoLC)fst01210544</subfield></datafield><datafield ind1=" " ind2=" " tag="752"><subfield code="a">United States</subfield><subfield code="b">Indiana</subfield><subfield code="c">Porter</subfield><subfield code="d">Valparaiso.</subfield></datafield><datafield ind1="1" ind2=" " tag="775"><subfield code="t">Valparaiso weekly vidette</subfield><subfield code="w">(DLC)sn 86058329</subfield></datafield><datafield ind1="1" ind2=" " tag="775"><subfield code="t">Porter County vidette (Valparaiso, Ind. : 1897)</subfield><subfield code="w">(DLC)sn 86058331</subfield></datafield><datafield ind1="0" ind2="7" tag="785"><subfield code="t">Star (Valparaiso, Ind.)</subfield></datafield><datafield ind1="0" ind2="7" tag="785"><subfield code="t">Daily star-vidette</subfield></datafield></record>